<?xml version="1.0" encoding="UTF-8"?><collection><record><leader>05550ntm a2200565 a 4500</leader><controlfield tag="001">006079712</controlfield><controlfield tag="003">MiAaHDL</controlfield><controlfield tag="005">20190719000000.0</controlfield><controlfield tag="006">m        d        </controlfield><controlfield tag="007">cr bn ---auaua</controlfield><controlfield tag="008">090413s1554    xx            00| ||ara d</controlfield><datafield tag="035" ind1=" " ind2=" "><subfield code="a">(MiU)006079712</subfield></datafield><datafield tag="035" ind1=" " ind2=" "><subfield code="a">sdr-miu006079712</subfield></datafield><datafield tag="040" ind1=" " ind2=" "><subfield code="a">MiU</subfield><subfield code="c">MiU</subfield><subfield code="e">amremm</subfield></datafield><datafield tag="043" ind1=" " ind2=" "><subfield code="a">n-us-mi</subfield></datafield><datafield tag="100" ind1="1" ind2=" "><subfield code="6">880-01</subfield><subfield code="a">Zāhidī al-Ghazmīnī, Mukhtār ibn Maḥmūd,</subfield><subfield code="d">-1259 or 1260.</subfield></datafield><datafield tag="245" ind1="1" ind2="0"><subfield code="6">880-03</subfield><subfield code="a">[Sharḥ Mukhtaṣar al-Qudūrī,</subfield><subfield code="f">961, i.e. 1554].</subfield></datafield><datafield tag="246" ind1="3" ind2=" "><subfield code="i">Title from inscription on 'title page' (p.1):</subfield><subfield code="a">كتاب زاهدى شرح قدورى</subfield></datafield><datafield tag="260" ind1=" " ind2=" "><subfield code="c">[1554]</subfield></datafield><datafield tag="300" ind1=" " ind2=" "><subfield code="a">259 leaves :</subfield><subfield code="b">paper ;</subfield><subfield code="c">215 x 150 (145 x 95) mm. bound to 217 x 159 mm.</subfield></datafield><datafield tag="500" ind1=" " ind2=" "><subfield code="a">Shelfmark: Ann Arbor, University of Michigan, Special Collections Library, Isl. Ms. 62</subfield></datafield><datafield tag="500" ind1=" " ind2=" "><subfield code="a">Origin: As appears in colophon on p.513, copied by Muṣṭafá ibn Ḥasan with transcription completed around noon of the 11th of Jumādá I 961 [ca. 14 April 1554].</subfield></datafield><datafield tag="500" ind1=" " ind2=" "><subfield code="a">Accompanying materials: a. Slip with glosses, excerpts, pen trials, etc. tipped in between pp.68-69.</subfield></datafield><datafield tag="500" ind1=" " ind2=" "><subfield code="a">Former shelfmark: British Museum, London "No. 132. Commentary on Kuduri."</subfield></datafield><datafield tag="500" ind1=" " ind2=" "><subfield code="a">Binding: Pasteboards faced with marbled paper and with red-brown leather over spine and board edges / turn-ins (except for head of board); Type III binding (without flap); doublures / board linings in block-printed paper (repeating diamond design, offset in contrasting blue and red); sewn in white thread, two stations, quite sound; worked chevron endbands in yellow and blue; overall in fair condition with moisture damage, back flyleaf adhered to lower cover, staining and minor abrasion.</subfield></datafield><datafield tag="500" ind1=" " ind2=" "><subfield code="a">Support: European laid paper with roughly 10 laid lines per cm. (vertical), chain lines spaced 28-32 mm. apart (horizontal), bull's head watermark (see p.14, 72, 298, 508, 514, etc.), and countermark of "N P" under trefoil (see p.16, 282, etc.); flyleaves in a different European laid paper (crown, perhaps above grapes, watermark visible in front flyleaf).</subfield></datafield><datafield tag="500" ind1=" " ind2=" "><subfield code="a">Decoration: Chapter headings and section headings rubricated, as well as abbreviations in the form of the letters "م" and "ش" to introduce the matn and sharḥ, respectively; also "س" seemingly for suʼāl.</subfield></datafield><datafield tag="500" ind1=" " ind2=" "><subfield code="a">Script: Naskh; compact, careful Turkish / Anatolian hand in a medium line; mainly serifless with slight effect of inclination to the left, curvilinear descenders, compactly filling the line but gracefully elongated in the vertical, shaqq of kāf sweeping dramatically upward, pointing in strokes rather than distinct dots, point of final and free-standing nūn above tall bowl; freely ligatured in text of colophon.</subfield></datafield><datafield tag="500" ind1=" " ind2=" "><subfield code="a">Layout: Written in 17 lines per page.</subfield></datafield><datafield tag="500" ind1=" " ind2=" "><subfield code="a">Collation: i, 24 V (240), V+1 (241), IV (259), i ; chiefly quinions; foliation in black ink, Hindu-Arabic numerals skipping initial leaf; catchwords present; pagination added later in pencil, Western numerals.</subfield></datafield><datafield tag="500" ind1=" " ind2=" "><subfield code="a">Colophon: "Scribal," triangular, reads: "تمت الكتاب بعون الله الملك الوهاب على يد العبد الضعيف المحتاج الى رحمة ربه مصطفى بن حسن اعناه الله بلطفه الخفي في وقت الظهر في يوم الحادي عشر في جمادى الاول [كذا] سنة احدى وستين وتسعمائة"</subfield></datafield><datafield tag="500" ind1=" " ind2=" "><subfield code="a">Explicit: "فاذا صححت مسئلة المناسخة واردة معرفة ما يصيب كل واحد من جياة الدرهم قسمت صحت منه المسئلة على ثمانية واربعين فما حرج اخذة من سهام كل واحد حبة"</subfield></datafield><datafield tag="500" ind1=" " ind2=" "><subfield code="a">Incipit: "الحمد لله الذي جعلنا من حملة كتابه الذي هدي به المتقين ورواه سنيين نبيه محمد خاتم النبيين صلى الله عليه وعلى اله الطيبين كتاب الطهارات..."</subfield></datafield><datafield tag="500" ind1=" " ind2=" "><subfield code="a">Title supplied by cataloguer.</subfield></datafield><datafield tag="500" ind1=" " ind2=" "><subfield code="a">Ms. codex.</subfield></datafield><datafield tag="510" ind1="4" ind2=" "><subfield code="a">Brockelmann, C. GAL,</subfield><subfield code="c">I 382 ; SI 656</subfield></datafield><datafield tag="520" ind1="8" ind2=" "><subfield code="a">Mukhtār ibn Maḥmūd al-Zāhidī's (d.1259 or 60) commentary on al-Qudūrī's Mukhtaṣar, a compendium of Ḥanafī law. Many marginal notes.</subfield></datafield><datafield tag="538" ind1=" " ind2=" "><subfield code="a">Mode of access: Internet.</subfield></datafield><datafield tag="541" ind1=" " ind2=" "><subfield code="c">Purchase ;</subfield><subfield code="a">Acquired by purchase along with Abdul Hamid Collection (funds donated by Horace Rackham).</subfield><subfield code="d">1924.</subfield></datafield><datafield tag="546" ind1=" " ind2=" "><subfield code="a">Arabic.</subfield></datafield><datafield tag="561" ind1=" " ind2=" "><subfield code="a">Bookplate of British Museum, London on inner front cover, "No. 132. Commentary on Kuduri."; circular seal impression with figure of goat/gazelle in purple ink as well as inscription "196" in Western numerals on recto of front flyleaf; kabīkaj invocation "يا حفيظ يا كبيكج" on 'title page' (p.1); former inventory and owners' marks (including excerpts) on 'title page' (p.1), many faded or obscured; numerous marginal glosses and corrections (many in the hand of the copyist).</subfield></datafield><datafield tag="600" ind1="1" ind2="0"><subfield code="a">Qudūrī, Aḥmad ibn Muḥammad,</subfield><subfield code="d">972 or 973-1037.</subfield><subfield code="t">Mukhtaṣar.</subfield></datafield><datafield tag="650" ind1=" " ind2="0"><subfield code="a">Manuscripts, Arabic</subfield><subfield code="z">Michigan</subfield><subfield code="z">Ann Arbor.</subfield></datafield><datafield tag="650" ind1=" " ind2="0"><subfield code="a">Islamic law</subfield><subfield code="v">Early works to 1800.</subfield></datafield><datafield tag="650" ind1=" " ind2="0"><subfield code="a">Hanafites</subfield><subfield code="v">Early works to 1800.</subfield></datafield><datafield tag="700" ind1="0" ind2=" "><subfield code="6">880-05</subfield><subfield code="a">Muṣṭafá ibn Ḥasan,</subfield><subfield code="d">flourished 1554,</subfield><subfield code="e">scribe.</subfield></datafield><datafield tag="773" ind1="0" ind2=" "><subfield code="a">Tiflis Collection.</subfield></datafield><datafield tag="880" ind1="0" ind2=" "><subfield code="6">700-05/</subfield><subfield code="a">مصطفى بن حسن،</subfield><subfield code="e">ناسخ.</subfield></datafield><datafield tag="880" ind1="1" ind2="0"><subfield code="6">245-03/</subfield><subfield code="a">[شرح مختصر القدوري,</subfield><subfield code="f">961ه, 1554م].</subfield></datafield><datafield tag="880" ind1="1" ind2=" "><subfield code="6">100-01/</subfield><subfield code="a">زاهدي الغزميني، مختار بن محمود.</subfield></datafield><datafield tag="CID" ind1=" " ind2=" "><subfield code="a">006079712</subfield></datafield><datafield tag="DAT" ind1="0" ind2=" "><subfield code="a">20190719102634.0</subfield><subfield code="b">20190719000000.0</subfield></datafield><datafield tag="DAT" ind1="1" ind2=" "><subfield code="a">20190719090653.0</subfield><subfield code="b">2019-07-19T16:11:13Z</subfield></datafield><datafield tag="DAT" ind1="2" ind2=" "><subfield code="a">2015-10-10T18:00:06Z</subfield></datafield><datafield tag="CAT" ind1=" " ind2=" "><subfield code="a">SDR-MIU</subfield><subfield code="d">EX LIBRIS - ALEPH</subfield><subfield code="l">prepare.pl-004-008</subfield></datafield><datafield tag="FMT" ind1=" " ind2=" "><subfield code="a">BK</subfield></datafield><datafield tag="HOL" ind1=" " ind2=" "><subfield code="0">sdr-miu006079712</subfield><subfield code="a">MiU</subfield><subfield code="b">SDR</subfield><subfield code="c">MIU</subfield><subfield code="p">mdp.39015079125079</subfield><subfield code="s">MIU</subfield><subfield code="1">006079712</subfield></datafield><datafield tag="974" ind1=" " ind2=" "><subfield code="b">MIU</subfield><subfield code="c">MIU</subfield><subfield code="d">20190719</subfield><subfield code="s">lit-dlps-dc</subfield><subfield code="u">mdp.39015079125079</subfield><subfield code="y">1554</subfield><subfield code="r">pd</subfield><subfield code="q">bib</subfield><subfield code="t">non-US bib date1 &lt; 1879</subfield></datafield></record></collection>